[gd_scene load_steps=24 format=2]

[ext_resource path="res://Prefabs/Scene.tscn" type="PackedScene" id=1]
[ext_resource path="res://Scripts/Scene/SceneD.gd" type="Script" id=2]
[ext_resource path="res://Assets/Sprites/Scene/D/场景D总示意图.png" type="Texture" id=3]
[ext_resource path="res://Assets/Sprites/Scene/D/D002 Ground.png" type="Texture" id=4]
[ext_resource path="res://Prefabs/ToggleObject.tscn" type="PackedScene" id=5]
[ext_resource path="res://Scripts/ToggleObject/Door.gd" type="Script" id=6]
[ext_resource path="res://Assets/Sprites/Scene/D/Door_close.png" type="Texture" id=7]
[ext_resource path="res://Assets/Sprites/Scene/D/Door_open.png" type="Texture" id=8]
[ext_resource path="res://Assets/Sprites/Scene/D/D001 Front.png" type="Texture" id=9]
[ext_resource path="res://Scripts/Path/PathSceneD01.gd" type="Script" id=10]
[ext_resource path="res://Prefabs/Trigger.tscn" type="PackedScene" id=11]
[ext_resource path="res://Components/StartPoint.tscn" type="PackedScene" id=12]
[ext_resource path="res://Scripts/Path/PathSceneC.gd" type="Script" id=13]
[ext_resource path="res://Prefabs/NPC.tscn" type="PackedScene" id=14]
[ext_resource path="res://Scripts/NPC/Crow.gd" type="Script" id=15]
[ext_resource path="res://Assets/Sprites/Crow/crow_0000s_0000s_0000s_0007_鸟不叫.png" type="Texture" id=16]
[ext_resource path="res://Assets/Sprites/Crow/crow_0000s_0000s_0000s_0008_鸟叫.png" type="Texture" id=17]
[ext_resource path="res://Assets/Sprites/Crow/crow_0000s_0000s_0000s_0005_04.png" type="Texture" id=18]
[ext_resource path="res://Assets/Sprites/Crow/crow_0000s_0000s_0000s_0006_03.png" type="Texture" id=19]
[ext_resource path="res://Scripts/ForestPath.gd" type="Script" id=20]

[sub_resource type="SpriteFrames" id=1]
animations = [ {
"frames": [ ExtResource( 16 ) ],
"loop": true,
"name": "Idle",
"speed": 5.0
}, {
"frames": [ ExtResource( 17 ) ],
"loop": true,
"name": "Caw",
"speed": 5.0
}, {
"frames": [ ExtResource( 18 ), ExtResource( 19 ) ],
"loop": true,
"name": "Fly",
"speed": 5.0
} ]

[sub_resource type="Curve2D" id=2]
_data = {
"points": PoolVector2Array( 0, 0, 0, 0, 271.983, -193.42, 836.927, 18.0632, -836.927, -18.0632, -1341.66, -259.652, 0, 0, 0, 0, -3489.92, -26.6982 )
}

[sub_resource type="NavigationPolygon" id=3]
vertices = PoolVector2Array( -3096.41, 1111.35, -3089.85, 611.703, 964.635, 767.33, 4977.85, 1119.54, 4969.66, 669.04 )
polygons = [ PoolIntArray( 0, 1, 2, 3 ), PoolIntArray( 3, 2, 4 ) ]
outlines = [ PoolVector2Array( -3089.85, 611.703, 964.635, 767.33, 4969.66, 669.04, 4977.85, 1119.54, -3096.41, 1111.35 ) ]

[node name="SceneD" instance=ExtResource( 1 )]
script = ExtResource( 2 )

[node name="Sample" type="Sprite" parent="Origin" index="0"]
visible = false
position = Vector2( 935.231, 0 )
texture = ExtResource( 3 )

[node name="Background" parent="Origin" index="1"]
position = Vector2( 935.231, 0 )
texture = ExtResource( 4 )

[node name="Door" parent="Origin" index="2" instance=ExtResource( 5 )]
editor/display_folded = true
position = Vector2( 3320.8, 42.512 )
script = ExtResource( 6 )

[node name="Off" parent="Origin/Door" index="0"]
visible = false
texture = ExtResource( 7 )

[node name="On" parent="Origin/Door" index="1"]
visible = false
texture = ExtResource( 8 )

[node name="Foreground" type="Sprite" parent="Origin" index="3"]
position = Vector2( 938.016, 0 )
texture = ExtResource( 9 )

[node name="Joan" parent="Origin" index="4"]
position = Vector2( -1110.9, 191.776 )

[node name="PathSceneD01" type="Node2D" parent="Origin" index="5"]
editor/display_folded = true
position = Vector2( 3201.47, 37.6364 )
script = ExtResource( 10 )

[node name="Trigger" parent="Origin/PathSceneD01" index="0" instance=ExtResource( 11 )]
position = Vector2( 56.97, 73.8321 )

[node name="CollisionPolygon2D" parent="Origin/PathSceneD01/Trigger" index="0"]
polygon = PoolVector2Array( -228.217, -251.781, 352, -271.308, 332.473, 32.7482, -278.428, 52.2748 )

[node name="Position2D" parent="Origin/PathSceneD01/Trigger" index="1"]
position = Vector2( -84.5347, 127.246 )

[node name="Icon" parent="Origin/PathSceneD01/Trigger" index="2"]
position = Vector2( 8.36816, -100.422 )
scale = Vector2( 0.267732, 0.267732 )

[node name="StartPoint" parent="Origin/PathSceneD01" index="1" instance=ExtResource( 12 )]
position = Vector2( -32.6246, 201.171 )
scene_name = "SceneD01"

[node name="PathSceneC" type="Node2D" parent="Origin" index="6"]
editor/display_folded = true
position = Vector2( 1114.81, 553.867 )
script = ExtResource( 13 )

[node name="Trigger" parent="Origin/PathSceneC" index="0" instance=ExtResource( 11 )]
position = Vector2( 56.97, 73.8321 )

[node name="CollisionPolygon2D" parent="Origin/PathSceneC/Trigger" index="0"]
polygon = PoolVector2Array( -310.048, -141.538, 673.507, -125.236, 668.073, -21.9896, -331.784, -32.8577 )

[node name="Position2D" parent="Origin/PathSceneC/Trigger" index="1"]
position = Vector2( 100.221, -73.812 )

[node name="Icon" parent="Origin/PathSceneC/Trigger" index="2"]
position = Vector2( 160.52, -111.29 )
scale = Vector2( 0.267732, 0.267732 )

[node name="StartPoint" parent="Origin/PathSceneC" index="1" instance=ExtResource( 12 )]
position = Vector2( 190.17, -81.3972 )
scene_name = "SceneC"

[node name="Crow" parent="Origin" index="7" instance=ExtResource( 14 )]
editor/display_folded = true
visible = false
position = Vector2( 403.763, -111.756 )
script = ExtResource( 15 )

[node name="AnimatedSprite" parent="Origin/Crow" index="0"]
frames = SubResource( 1 )
animation = "Idle"

[node name="CollisionPolygon2D" parent="Origin/Crow/Trigger" index="0"]
polygon = PoolVector2Array( 12.6754, -62.015, 31.4304, -15.5591, 56.8739, 93.9073, 31.0914, 97.5905, -43.8004, -17.8166, -24.1566, -52.1931 )

[node name="Position2D" parent="Origin/Crow/Trigger" index="1"]
position = Vector2( 201.827, 391.04 )

[node name="Dialog" parent="Origin/Crow" index="2"]
margin_left = -99.9164
margin_top = -54.8293
margin_right = -59.9164
margin_bottom = -14.8293

[node name="Path2D" type="Path2D" parent="Origin" index="8"]
editor/display_folded = true
position = Vector2( 153.688, 77.9069 )
curve = SubResource( 2 )

[node name="PathFollow2D" type="PathFollow2D" parent="Origin/Path2D" index="0"]
position = Vector2( 271.983, -193.42 )
rotation = -3.08029
rotate = false
cubic_interp = false
loop = false

[node name="Crow" parent="Origin/Path2D/PathFollow2D" index="0" instance=ExtResource( 14 )]
position = Vector2( 3.00128, 10.0251 )
rotation = 3.08029
script = ExtResource( 15 )

[node name="AnimatedSprite" parent="Origin/Path2D/PathFollow2D/Crow" index="0"]
frames = SubResource( 1 )
animation = "Idle"

[node name="CollisionPolygon2D" parent="Origin/Path2D/PathFollow2D/Crow/Trigger" index="0"]
polygon = PoolVector2Array( -42.644, -60.3449, 13.1461, -65.924, 46.6202, -4.55484, 60.5677, 93.0778, 27.0936, 107.025, -39.8544, 12.1822 )

[node name="Position2D" parent="Origin/Path2D/PathFollow2D/Crow/Trigger" index="1"]
position = Vector2( 198.055, 404.478 )

[node name="Dialog" parent="Origin/Path2D/PathFollow2D/Crow" index="2"]
margin_left = -99.9164
margin_top = -54.8293
margin_right = -59.9164
margin_bottom = -14.8293

[node name="ForestPath" type="Node2D" parent="Origin" index="9"]
position = Vector2( 360.36, 154.44 )
script = ExtResource( 20 )

[node name="Trigger" parent="Origin/ForestPath" index="0" instance=ExtResource( 11 )]

[node name="CollisionPolygon2D" parent="Origin/ForestPath/Trigger" index="0"]
polygon = PoolVector2Array( -156.953, -138.077, 247.171, -120.953, 408.135, 63.9846, -218.599, 22.8873 )

[node name="Position2D" parent="Origin/ForestPath/Trigger" index="1"]
position = Vector2( -22.316, 133.896 )

[node name="Icon" parent="Origin/ForestPath/Trigger" index="2"]
position = Vector2( 33.9995, -30.9087 )

[node name="HorizonA" parent="Origin" index="10"]
position = Vector2( -3092.92, 76.0554 )

[node name="HorizonB" parent="Origin" index="11"]
position = Vector2( -3092.92, 551.402 )

[node name="Nav" parent="." index="1"]
editor/display_folded = false

[node name="NavigationPolygonInstance" parent="Nav" index="0"]
navpoly = SubResource( 3 )

[node name="Menu" parent="Canvas/UI" index="2"]
editor/display_folded = true

[node name="TextureRect" parent="Canvas/UI/Note/ScrollContainer/Note_1" index="0"]
locale_pos = {
"en": Vector2( 569.461, 331.131 ),
"zh": Vector2( 585.362, 253.087 )
}

[node name="TextureRect" parent="Canvas/UI/Note/ScrollContainer/Note_2" index="0"]
locale_pos = {
"en": Vector2( 725.639, 109.369 ),
"zh": Vector2( 725.639, 109.369 )
}

[editable path="Origin/Door"]

[editable path="Origin/PathSceneD01/Trigger"]

[editable path="Origin/PathSceneC/Trigger"]

[editable path="Origin/Crow"]

[editable path="Origin/Crow/Trigger"]

[editable path="Origin/Path2D/PathFollow2D/Crow"]

[editable path="Origin/Path2D/PathFollow2D/Crow/Trigger"]

[editable path="Origin/ForestPath/Trigger"]

[editable path="Canvas/UI/Note/ScrollContainer/Note_1"]

[editable path="Canvas/UI/Note/ScrollContainer/Note_2"]

[editable path="Canvas/UI/Note/ScrollContainer/Note_3"]

[editable path="Canvas/UI/Note/ScrollContainer/Note_4"]

[editable path="Canvas/UI/Note/ScrollContainer/Note_5"]

[editable path="Canvas/UI/Note/ScrollContainer/Note_6"]

[editable path="Canvas/UI/Note/ScrollContainer/Note_7"]

[editable path="Canvas/UI/Note/ScrollContainer/Note_8"]

[editable path="Canvas/UI/Note/ScrollContainer/Note_9"]
